@ARTICLE{wis15,
   author = {{Wisniewski}, J.~P. and {Chojnowski}, S.~D. and {Davenport}, J.~R.~A. and 	{Bartz}, J. and {Pepper}, J. and {Whelan}, D.~G. and {Eikenberry}, S.~S. and 
	{Lomax}, J.~R. and {Majewski}, S.~R. and {Richardson}, N.~D. and 
	{Skrutskie}, M.},
    title = "{Characterizing the Rigidly Rotating Magnetosphere Stars HD 345439 and HD 23478}",
  journal = {ArXiv e-prints},
   eprint = {1509.00128},
 primaryClass = "astro-ph.SR",
 keywords = {Astrophysics - Solar and Stellar Astrophysics},
     year = 2015,
    month = aug,
}
